@misc{coreos, title={CoreOS Blog}, url={https://coreos.com/blog/introducing-the-etcd-operator.html}, journal={Introducing the etcd Operator: Simplify etcd cluster configuration and management | CoreOS}, year={2018}}

@misc{coreosblog, title={CoreOS}, url={https://coreos.com/operators/}, journal={CoreOS Blog ATOM}, year={2018}}

@misc{coreosintro, title={CoreOS Blog}, url={https://coreos.com/blog/introducing-operators.html}, journal={Introducing Operators: Putting Operational Knowledge into Software | CoreOS}, year={2016}}

@misc{kuberneteswhatis, title={Concepts}, url={https://kubernetes.io/docs/concepts/}, journal={Kubernetes}, year={2018}}

@misc{customresources, title={Custom Resources}, url={https://kubernetes.io/docs/concepts/extend-kubernetes/api-extension/custom-resources/}, journal={Custom Resources - Kubernetes}, year={2018}}

@misc{controllers, title={Controllers}, url={https://kubernetes.io/docs/concepts/workloads/controllers/}, journal={Controllers - Kubernetes}, year={2018}}

@misc{operator, title={CoreOS}, url={https://coreos.com/operators/}, journal={CoreOS Blog ATOM}, year={2018}  }

@misc{framework, title={CoreOS Blog}, url={https://coreos.com/blog/introducing-operator-framework}, journal={Introducing the Operator Framework: Building Apps on Kubernetes | CoreOS}, year={2018}}

@misc{sdk, title={operator-framework/operator-sdk}, url={https://github.com/operator-framework/operator-sdk}, journal={GitHub}, author={operator-framework}, year={2018}, month={Oct}}

@misc{operator-framework_2018, title={operator-framework/operator-lifecycle-manager}, url={https://github.com/operator-framework/operator-lifecycle-manager}, journal={GitHub}, author={operator-framework}, year={2018}, month={Oct}}

@misc{operator-metering_2018, title={operator-framework/operator-metering}, url={https://github.com/operator-framework/operator-metering}, journal={GitHub}, author={operator-framework}, year={2018}, month={Oct}}

@misc{Memcached, url={https://memcached.org/}, journal={memcached - a distributed memory object caching system}, author={Dormando}}