@misc{wikipedia_2018, title={OpenFlow}, url={https://en.wikipedia.org/wiki/OpenFlow}, journal={Wikipedia}, publisher={Wikimedia Foundation}, year={2018}, month={Nov}}

@misc{open_net, title={Software-Defined Networking (SDN) Definition}, url={https://www.opennetworking.org/sdn-definition/}, journal={Open Networking Foundation}}

@misc{sdxcentral, title={What is OpenFlow? Definition and How it Relates to SDN}, url={https://www.sdxcentral.com/sdn/definitions/what-is-openflow/}, journal={SDxCentral}, publisher={SDxCentral}}