@misc{Martin.Fowler,
author = {Martin Fowler},
title = {{Serverless Architectures}},
url = {https://martinfowler.com/articles/serverless.html},
urldate = {2018-5-22},
year = {2018}, 
note = {[online] Accessed: 6/10/2018}
}

@misc{survey_2018, title={RightScale 2018 State of the Cloud Report}, url={https://www.rightscale.com/lp/state-of-the-cloud}, journal={Cloud Computing Trends: 2018 State of the Cloud Survey}, year={2018}}

@misc{digitalocean_2018, title={Currents: A quarterly report on developer trends in the cloud}, url={https://www.digitalocean.com/currents/june-2018/}, journal={SQLite vs MySQL vs PostgreSQL: A Comparison Of Relational Database Management Systems | DigitalOcean}, publisher={DigitalOcean}, year={2018}, month={Jun}}

@misc{foundry_2018, title={Where PaaS, Containers and Serverless Stand in a Multi-Platform World}, url={https://www.cloudfoundry.org/multi-platform-trend-report-2018/}, journal={Cloud Foundry}, year={2018}, month={Jun}}

@misc{report:cloudability, 
title={State of Cloud 2018 Report}, url={http://get.cloudability.com/ebook-state-of-cloud-2018.html},
year = {2018}, journal={Report: State of the Cloud 2018 | Cloudability}}

@misc{bryant_2018, title={Google Releases Knative: A Kubernetes Framework to Build, Deploy, and Manage Serverless Workloads}, url={https://www.infoq.com/news/2018/07/knative-kubernetes-serverless}, journal={InfoQ}, publisher={InfoQ}, author={Bryant, Daniel}, year={2018}, month={Jul}}

@misc{oci, title={OCI}, url={https://www.opencontainers.org/about}, journal={Open Containers Initiative}, year={2018}}

@misc{golang, title={GoLang}, url={https://golang.org/doc/}, journal={Documentation - The Go Programming Language}, year={2018}}

@misc{vivien_2017, title={Writing Modular Go Programs with Plugins – Learning the Go Programming Language – Medium}, url={https://medium.com/learning-the-go-programming-language/writing-modular-go-programs-with-plugins-ec46381ee1a9}, journal={Medium}, publisher={Learning the Go Programming Language}, author={Vivien, Vladimir}, year={2017}, month={Apr}}

@misc{docker, title={Docker}, url={https://www.docker.com/}, journal={Docker}, year={2018}}

@misc{typescript, title={TypeScript}, url={https://www.typescriptlang.org/}, journal={TypeScript - JavaScript that scales.}, year={2018}}

@misc{scrum,
author = {Ken Schwaber and Jeff Sutherland},
title = {{The Scrum Guide}},
url = {https://www.scrumguides.org/docs/scrumguide/v2017/2017-Scrum-Guide-US.pdf},
urldate = {2017-11-1},
year = {2017}, 
note = {[online] Accessed: 29/10/2018}
}

@misc{fowler_2006, title={Continuous Integration}, url={https://martinfowler.com/articles/continuousIntegration.html}, journal={martinfowler.com}, author={Fowler, Martin}, year={2006}, month={May}}

@misc{solis_wang, url={https://ieeexplore.ieee.org/document/6068372?arnumber=6068372}, journal={A Study of the Characteristics of Behaviour Driven Development - IEEE Conference Publication}, author={Solis, Carlos and Wang, Xiaofeng}, year={2011} }

@misc{initiative_2018, title={Open Standards Requirement for Software}, url={https://opensource.org/osr}, journal={Open Standards Requirement for Software | Open Source Initiative}, year={2018}}

@misc{overflow_2018, title={Stack Overflow Developer Survey 2018}, url={https://insights.stackoverflow.com/survey/2018/}, journal={Stack Overflow}, year={2018}}

@misc{octoverse_2017_2018, title={The State of the Octoverse}, url={https://octoverse.github.com/}, journal={GitHub Octoverse 2017}, year={2018}}

@misc{scrumguide, title={The Scrum Guide™}, url={https://www.scrumguides.org/scrum-guide.html}, journal={Scrum Guide | Scrum Guides}, year={2018}}

@misc{enterprise_2018, title={State of Agile Report}, url={https://explore.versionone.com/state-of-agile/versionone-12th-annual-state-of-agile-report}, journal={DevOps and Agile Solutions for the Enterprise}, year={2018}}

@misc{manifesto, title={Manifesto for Agile Software Development}, url={https://agilemanifesto.org/}, journal={History: The Agile Manifesto}}