@misc{bryk_2018, title={Microservice and Container Security: 10 Best Practices}, url={https://www.apriorit.com/dev-blog/558-microservice-container-security-best-practices}, journal={Apriorit}, author={Bryk, Anna}, year={2018}, month={Aug}}

@misc{oracle_solaris, title={Oracle Solaris 11}, url={https://www.oracle.com/solaris/solaris11/}, journal={Oracle Solaris 11 | Oracle}}

@misc{yegulalp_2018, title={What is Docker? Docker containers explained}, url={https://www.infoworld.com/article/3204171/docker/what-is-docker-docker-containers-explained.html}, journal={InfoWorld}, publisher={InfoWorld}, author={Yegulalp, Serdar}, year={2018}, month={Sep}}

@misc{docker_2018, title={What is a Container}, url={https://www.docker.com/resources/what-container}, journal={Docker}, year={2018}, month={Oct}}

@misc{namespaces, title={Linux Manual}, url={http://man7.org/linux/man-pages/man7/namespaces.7.html}, journal={namespaces - Linux manual page}}

@misc{cgroups_2018,
title={Red Hat}, url={https://access.redhat.com/documentation/en-us/red\_hat\_enterprise\_linux/6/html/resource\_management\_guide/ch01}, journal={Chapter 1. Introduction to Control Groups (Cgroups)}, year={2018}}

@misc{kerrisk_2013, title={Namespaces in operation, part 1: namespaces overview}, url={https://lwn.net/Articles/531114/}, journal={[LWN.net]}, author={Kerrisk, Micheal}, year={2013}, month={Jan}}

@misc{cve-2016-5195, title={Red Hat Portal}, url={https://access.redhat.com/security/cve/cve-2016-5195}, journal={CVE-2016-5195 - Red Hat Customer Portal}, year={2016}}

@misc{kerrisk_2012, title={CAP\_SYS\_ADMIN: the new root}, url={https://lwn.net/Articles/486306/}, journal={[LWN.net]}, author={Kerrisk, Micheal}, year={2012}}

@misc{centos, url={https://www.centos.org/docs/5/html/5.2/Deployment\_Guide/s1-swap-what-is.html}, journal={centos}, title={CentOS}}

@misc{linux-manual, url={http://man7.org/linux/man-pages/man7/capabilities.7.html}, journal={Linux manual}, title={Linux Manual}}

@misc{ibm, title={IBM Data Science Experience}, url={https://wycd.net/posts/2017-02-21-ibm-whole-cluster-privilege-escalation-disclosure.html}, journal={IBM}}

@misc{github_docker_2018, title={docker/docker-bench-security}, url={https://github.com/docker/docker-bench-security}, journal={Docker-Bench-Security}, author={Docker}, year={2018}, month={Oct}}

@misc{oci, title={OCI }, url={https://www.opencontainers.org/about}, journal={Open Containers Initiative}}

@misc{rad_bhatti_ahmadi_18, title={An Introduction to Docker and Analysis of its Performance}, author={Rad, Babak Bashari and Bhatti, Harrison John and Ahmadi, Mohammad}, year={2018}, month={Mar}}

@misc{colyer_2017, title={A study of security vulnerabilities on Docker Hub}, url={https://blog.acolyer.org/2017/04/03/a-study-of-security-vulnerabilities-on-docker-hub/}, journal={the morning paper}, author={Colyer, Adrian}, year={2017}, month={Mar}}

@misc{neuvector_2018, title={NeuVector}, url={https://neuvector.com/container-security/continuous-container-security/}, journal={NeuVector}, year={2018}, month={Mar}}